
@article{LuiSha1990PriorityInheritance
,author = {Lui Sha and Ragunathan Rajkumar and John P. Lehoczky}
,title = {Priority Inheritance Protocols: An Approach to Real-Time Synchronization}
,journal = {IEEE Transactions on Computers}
,volume = {39}
,number = {9}
,year = {1990}
,pages = {1175-1185}
,doi = {doi:10.1109/12.57058}
,publisher = {IEEE}
,address = {New York, NY, USA}
}

@phdthesis{WilliamJSchmidt1992
,Author="William J. Schmidt"
,Title="Issues in the Design and Implementation of a Real-Time Garbage Collection Architecture"
,school="Iowa State University"
,year="1992"
,address="Ames, Iowa, USA"
}

@unpublished{DavidAWheeler1996
,Author="David A. Wheeler"
,Title="Ada, C, C++, and Java vs. The Steelman"
,year="1996"
,note="Available:
\url{http://www.adahome.com/History/Steelman/steeltab.htm}
[Viewed June 29, 2005]"
}

@unpublished{KristofferBohmann2001a
,Author="Kristoffer Bohmann"
,Title="Response Time Still Matters"
,month="July"
,year="2001"
,day="12"
,note="Available:
\url{http://www.bohmann.dk/articles/response_time_still_matters.html}
[Viewed July 23, 2007]"
}

@article{DavidFBacon2003RTGC
,author = {Bacon, David F. and Cheng, Perry and Rajan, V. T.}
,title = {A real-time garbage collector with low overhead and consistent utilization}
,journal = {SIGPLAN Not.}
,volume = {38}
,number = {1}
,year = {2003}
,issn = {0362-1340}
,pages = {285--298}
,doi = {http://doi.acm.org/10.1145/640128.604155}
,publisher = {ACM}
,address = {New York, NY, USA}
}

@unpublished{JeffChild2003a
,Author="Jeff Child"
,Title="Java Proving Itself Worthy for Defense Apps"
,month="July"
,year="2003"
,note="Available:
\url{http://www.cotsjournalonline.com/pdfs/2003/07/COTS07_softside.pdf}
[Viewed November 13, 2008]"
}

@unpublished{VictorYodaiken2004a
,Author="Victor Yodaiken"
,Title="Temporal inventory and real-time synchronization in {RTLinuxPro}"
,month="September"
,year="2004"
,day="23"
,note="Available:
\url{http://www.yodaiken.com/papers/sync.pdf}
[Viewed December 24, 2008]"
}

@unpublished{JonCorbet2004RealTimeLinuxPart1
,Author="Jonathan Corbet"
,Title="Approaches to realtime {Linux}"
,month="October"
,day="12"
,year="2004"
,note="Available:
\url{http://lwn.net/Articles/106010/}
[Viewed March 25, 2008]"
}

@unpublished{JonCorbet2004RealTimeLinuxPart2
,Author="Jonathan Corbet"
,Title="Realtime preemption, part 2"
,month="October"
,day="20"
,year="2004"
,note="Available:
\url{http://lwn.net/Articles/107269/}
[Viewed March 25, 2008]"
}

@unpublished{IngoMolnar05a
,Author="Ingo Molnar"
,Title="Index of /pub/linux/kernel/projects/rt"
,month="February"
,year="2005"
,note="Available:
\url{http://www.kernel.org/pub/linux/kernel/projects/rt/}
[Viewed February 15, 2005]"
}

@unpublished{JonCorbet2005a
,Author="Jonathan Corbet"
,Title="Realtime preemption and read-copy-update"
,month="March"
,year="2005"
,note="Available:
\url{http://lwn.net/Articles/129511/}
[Viewed October 17, 2005]"
}

@unpublished{PaulMcKenney2005g
,Author="Paul E. McKenney"
,Title="Attempted summary of 'RT patch acceptance' thread"
,month="June"
,year="2005"
,day="7"
,note="Available:
\url{http://lwn.net/Articles/139047/}
[Viewed June 29, 2005]"
}

@unpublished{IngoMolnar2005b
,Author="Ingo Molnar"
,Title="Re: PREEMPT_RT vs I-PIPE: the numbers, part 2"
,month="June"
,year="2005"
,day="22"
,note="Available:
\url{http://lkml.org/lkml/2005/6/22/347}
[Viewed August 30, 2005]"
}

@unpublished{PaulMcKenney2005f
,Author="Paul E. McKenney"
,Title="Attempted summary of 'RT patch acceptance' thread, take 2"
,month="July"
,year="2005"
,day="11"
,note="Available:
\url{http://lwn.net/Articles/143323/}
[Viewed September 7, 2005]"
}

@unpublished{PaulMcKenney2005h
,Author="Paul E. McKenney"
,Title="A realtime preemption overview"
,month="August"
,year="2005"
,day="10"
,note="Available:
\url{http://lwn.net/Articles/146861/}
[Viewed August 22, 2005]"
}

@unpublished{McLarenHarris2005a
,Author="McLaren Harris"
,Title="Shrinking slices: Looking at real time for {Linux}, {PowerPC}, and {Cell}"
,month="August"
,year="2005"
,day="15"
,note="Available:
\url{http://www-128.ibm.com/developerworks/power/library/pa-nl14-directions.html?ca=dgr-lnxw03ShrinkSlices}
[Viewed August 21, 2005]"
}

@unpublished{ThomasGleixner2005ktimers
,Author="Thomas Gleixner and Ingo Molnar"
,Title="[ANNOUNCE] ktimers subsystem"
,month="September"
,year="2005"
,day="19"
,note="Available:
\url{http://lwn.net/Articles/152363/}
[Viewed April 14, 2008]"
}

@unpublished{JonathanCorbet2005ktimers
,Author="Jonathan Corbet"
,Title="A new approach to kernel timers"
,month="September"
,year="2005"
,day="20"
,note="Available:
\url{http://lwn.net/Articles/152436/}
[Viewed April 14, 2008]"
}

@unpublished{IngoMolnar2006a
,Author="Ingo Molnar"
,Title="Index of /mingo/rt-limit-patches"
,month="January"
,year="2006"
,day="26"
,note="Available:
\url{http://people.redhat.com/mingo/rt-limit-patches/}
[Viewed March 31, 2006]"
}

@unpublished{StephenShankland20Sep2006
,Author="Stephen Shankland"
,Title="Novell to launch quick-response {Linux}"
,month="September"
,year="2006"
,day="20"
,note="Available:
\url{http://news.com.com/Novell+to+launch+quick-response+Linux/2100-7344_3-6117479.html}
[Viewed July 6, 2007]"
}

@unpublished{VictorYodaiken2006a
,Author="Victor Yodaiken"
,Title="Soft real time continues to sag"
,month="October"
,year="2006"
,day="21"
,note="Available:
\url{http://www.yodaiken.com/w/2006/10/soft-real-time-continues-to-sag/}
[Viewed October 21, 2006]"
}

@unpublished{JeremyWPeters2006NYTDec11
,Author="Jeremy Peters"
,Title="From Reuters, Automatic Trading Linked to News Events"
,month="December"
,year="2006"
,day="11"
,note="Available:
\url{http://www.nytimes.com/2006/12/11/technology/11reuters.html?ei=5088&en=e5e9416415a9eeb2&ex=1323493200...}
[Viewed July 7, 2007]"
}


@article{PaulEMcKenney2007LJERT
,author="Paul E. McKenney"
,title="{SMP} and Embedded Real Time"
,journal="Linux Journal"
,year="2007"
,month="January"
,number="153"
,pages="52--57"
,note="Available:
\url{http://www.linuxjournal.com/article/9361}
[Viewed May 31, 2007]"
}

@unpublished{BillInmon2007a
,Author="Bill Inmon"
,Title="Time Value of Information"
,month="January"
,year="2007"
,day="11"
,note="Available:
\url{http://www.b-eye-network.de/view-articles/3365}
[Viewed July 6, 2007]"
}

@unpublished{IBMRealTimeJavaTechnology2007a
,Author="IBM"
,Title="Real-time Java Technology"
,month="February"
,year="2007"
,day="1"
,note="Available:
\url{http://www.alphaworks.ibm.com/topics/realtimejava}
[Viewed April 3, 2008]"
}

@unpublished{IBMRealTimeTuningFork2006a
,Author="IBM"
,Title="IBM TuningFork Visualization Tool for Real-Time Systems"
,month="September"
,year="2006"
,day="1"
,note="Available:
\url{http://www.alphaworks.ibm.com/tech/tuningfork}
[Viewed June 10, 2008]"
}

@unpublished{EricDumazet2007PrivateFutexes
,Author="Eric Dumazet"
,Title="{[PATCH]} {FUTEX} : new {PRIVATE} futexes"
,month="April"
,year="2007"
,day="5"
,note="Available:
\url{http://lkml.org/lkml/2007/4/5/236}
[Viewed April 18, 2008]"
}

@unpublished{KelvinNilsen2007
,Author="Kelvin Nilsen"
,Title="Appetite for Real-Time Java Climbs in Defense Systems"
,month="July"
,year="2007"
,note="Available:
\url{http://www.cotsjournalonline.com/home/article.php?id=100686}
[Viewed November 13, 2008]"
}

@unpublished{JonathanCorbet2008TicketLocks
,Author="Jonathan Corbet"
,Title="Ticket spinlocks"
,month="February"
,year="2008"
,day="6"
,note="Available:
\url{http://lwn.net/Articles/267968/}
[Viewed June 29, 2009]"
}

@unpublished{JonathanCorbet2008RTAdaptiveLocks
,Author="Jonathan Corbet"
,Title="Realtime adaptive locks"
,month="March"
,year="2008"
,day="5"
,note="Available:
\url{http://lwn.net/Articles/271817/}
[Viewed April 14, 2008]"
}

@article{RobertBerry2008IBMSysJ
,author="R. F. Berry and P. E. McKenney and F. N. Parr"
,title="Responsive systems: An introduction"
,Year="2008"
,Month="April"
,journal="IBM Systems Journal"
,volume="47"
,number="2"
,pages="197-206"
,note="Available:
\url{http://www.research.ibm.com/journal/sj/472/berry.pdf}
[Viewed May 8, 2008]"
}

@unpublished{PamDerringer15Apr2008CMESolaris2RHEL
,Author="Pam Derringer"
,Title="Move from {Solaris} to {RHEL} boosts performance for the
{Chicago} {Mercantile} {Exchange}"
,month="April"
,year="2008"
,day="15"
,note="Available:
\url{http://searchenterpriselinux.techtarget.com/news/article/0,289142,sid39_gci1309889,00.html}
[Viewed April 20, 2008]"
}

@unpublished{ClarkWilliams2008RHSummit
,Author="Clark Williams"
,Title="An Overview of Realtime {Linux}"
,month="June"
,year="2008"
,day="18"
,note="Available:
\url{people.redhat.com/bche/presentations/realtime-linux-summit08.pdf}
[Viewed July 20, 2008]"
}

@Conference{PaulEMcKenney2008OLS
,Author="Paul E. McKenney"
,Title="‘Real Time’ vs. ‘Real Fast’: How to Choose?"
,Booktitle="{Ottawa Linux Symposium}"
,Month="July"
,Year="2008"
,pages="57--65"
,note="Available:
\url{http://ols.fedoraproject.org/OLS/Reprints-2008/mckenney-reprint.pdf}
[Viewed August 22, 2008]"
}

@unpublished{SunMicrosystems2008RTSJavaGC
,Author="Sun Microsystems"
,Title="Sun Java Real-Time System 2.1: Garbage Collection Guide"
,month="July"
,year="2008"
,day="28"
,note="Available:
\url{http://download.oracle.com/docs/cd/E17409_01/javase/realtime/doc_2.1/release/JavaRTSGarbageCollection.html}
[Viewed July 11, 2010]"
}

@unpublished{JonCorbet2008New-rtTree
,Author="Jon Corbet"
,Title="A new realtime tree"
,month="December"
,year="2008"
,day="9"
,note="Available:
\url{http://lwn.net/Articles/310391/}
[Viewed June 29, 2009]"
}

@unpublished{MichaelBowman2008JavaDefense
,Author="Michael Bowman"
,Title="Software Engineer - Java - Defense"
,month="September"
,year="2008"
,day="10"
,note="Available:
\url{http://www.nabble.com/Software-Engineer---Java---Defense-td19425796.html}
[Viewed November 13, 2008]"
}

@unpublished{JakeEdge2008irq2threads
,Author="Jake Edge"
,Title="Moving interrupts to threads"
,month="October"
,year="2008"
,day="8"
,note="Available:
\url{http://lwn.net/Articles/302043/}
[Viewed June 29, 2009]"
}

@conference{PeterOkech2009InherentRandomness
,Author="Nicholas {Mc Guire} and Peter Odhiambo Okech and Qingguo Zhou"
,Title="Analysis of inherent randomness of the Linux kernel"
,Booktitle="Eleventh Real Time Linux Workshop"
,month="September"
,year="2009"
,address="Dresden, Germany"
,url={https://www.osadl.org/?id=684}
}

@conference{JoshTriplett2009PainlessKernel
,Author="Josh Triplett"
,Title="Painless kernel - removing the {HZ}"
,Booktitle="Linux Plumbers Conference"
,month="September"
,year="2009"
,address="Portland, OR, USA"
,note="\url{http://linuxplumbersconf.org/2009/slides/Josh-Triplett-painless-kernel.pdf}"
}

@conference{PaulEMcKenney2009RTvsRF:RTLWS
,Author="Paul E. McKenney"
,Title="'Real Time' vs. 'Real Fast': How to Choose?"
,Booktitle="Eleventh Real Time Linux Workshop"
,month="September"
,year="2009"
,address="Dresden, Germany"
,note="Available:
\url{http://www.rdrop.com/users/paulmck/realtime/paper/RTvsRF.2009.08.14a.pdf}
[Viewed January 14, 2009]"
}

@unpublished{ThomasGleixner2010AcademiaVsReality
,Author="Thomas Gleixner"
,Title="Realtime Linux: academia v. reality"
,month="July"
,year="2010"
,day="26"
,note="Available:
\url{http://lwn.net/Articles/397422/}
[Viewed July 27, 2010]"
}

@phdthesis{BjoernBrandenburgPhD
,author={Bj\"orn Brandenburg}
,title="Scheduling and Locking in Multiprocessor Real-Time Operating Systems"
,school="The University of North Carolina at Chapel Hill"
,year="2011"
,note="\url{https://www.cs.unc.edu/~anderson/diss/bbbdiss.pdf}"
}

@unpublished{VincentGuittot2012HotplugPerf
,Author="Vincent Guittot"
,Title="{CPU} hotplug"
,month="February"
,year="2012"
,day="8"
,note="Available:
\url{https://wiki.linaro.org/WorkingGroups/PowerManagement/Doc/Hotplug}
[Viewed April 20, 2012]"
}

@unpublished{PaulEMcKenney2012OSPERTbigger
,Author="Paul E. McKenney"
,Title="Real-Time Response on Multicore Systems: It Is Bigger Than You Think"
,month="July"
,year="2012"
,day="10"
,note="Available:
\url{http://www.seas.gwu.edu/~gparmer/ospert12/bigrt.2012.07.10a.pdf}
[Viewed August 10, 2012]"
}

@unpublished{JakeEdge2012RealtimeMinisummit
,Author="Jake Edge"
,Title="The 2012 realtime minisummit"
,month="October"
,year="2012"
,day="24"
,note="\url{http://lwn.net/Articles/520704/}"
}

@unpublished{ClarkWilliams2012cyclictest
,Author="Clark Williams"
,Title="rt-tests"
,month="11"
,year="2012"
,day="13"
,note="Available:
\url{http://git.kernel.org/cgit/linux/kernel/git/clrkwllms/rt-tests.git}
[Viewed August 10, 2012]"
}

@unpublished{HewlettPackardRTConfig2013
,Author="Hewlett Packard"
,Title="Configuring and Tuning HP ProLiant Servers for Low-Latency Applications White Paper"
,month="4"
,year="2013"
,note="Part Number: 581608-005"
}

@unpublished{FredericWeisbecker2013nohz
,Author="Fr\'{e}d\'{e}ric Weisbecker"
,Title="Interruption timer p\'{e}riodic"
,year="2012"
,note="\url{https://kernel-recipes.org/?page_id=410}"
}

@unpublished{ThomasGleixner2012KVMrealtime
,Author="Thomas Gleixner"
,Title="Linux -rt KVM Guest Demo"
,month="December"
,day="6"
,year="2012"
,note="Personal communication"
}

@unpublished{JakeEdge2013Future-rtLinux
,Author="Jake Edge"
,Title="The future of realtime {Linux}"
,month="November"
,day="6"
,year="2013"
,note="\url{http://lwn.net/Articles/572740/}"
}

@conference{JanKiszka2014virtRT
,Author="Jan Kiszka"
,Title="Real-Time Virtualization - How Crazy Are We?"
,Booktitle="Linux Plumbers Conference"
,month="October"
,year="2014"
,address="Duesseldorf, Germany"
,note="\url{http://www.linuxplumbersconf.org/2014/ocw/sessions/1935}"
}

@unpublished{JakeEdge2014Future-rtLinux
,Author="Jake Edge"
,Title="The future of the realtime patch set"
,month="October"
,day="21"
,year="2014"
,note="\url{http://lwn.net/Articles/617140/}"
}

@unpublished{Xenomai2014
,Author="xenomai.org"
,Title="Xenomai"
,month="December"
,day="31"
,year="2014"
,note="\url{http://xenomai.org/}"
}
