
@unpublished{TPC,
 author="{Transaction Processing Performance Council}",
 title="{TPC}",
 year="2001",
 note="Available:
\url{http://www.tpc.org/}
[Viewed December 7, 2008]",
}

@unpublished{TPCA1989,
 author="{Transaction Processing Performance Council}",
 title="{TPC} Benchmark {A}",
 year="1989",
 month="November",
 note="Available:
\url{http://www.tpc.org/tpca/default.asp}
[Viewed July 6, 2007]",
}

@unpublished{C99:T1:T2:T3,
 author="{ISO WG14}",
 title="Programming languages --- {C}",
 year="2005",
 month="May",
 note="Available:
\url{http://www.open-std.org/jtc1/sc22/wg14/www/docs/n1124.pdf}
[Viewed March 24, 2010]",
}

@unpublished{DavidGoldblatt2019NoElegantOOTA,
 Author="David Goldblatt",
 Title="{P1916R0}: There might not be an elegant {OOTA} fix",
 month="October",
 day="6",
 year="2019",
 note="\url{http://www.open-std.org/jtc1/sc22/wg21/docs/papers/2019/p1916r0.pdf}",
}

@unpublished{PaulEMcKenney2019N2443Zap,
 author="{Paul E. McKenney and Maged Michael and Jens Mauer and Peter Sewell and Martin Uecker and Hans Boehm and Hubert Tong and Niall Douglas and Thomas Rodgers and Will Deacon and Michael Wong}",
 title="N2443: Lifetime-End Pointer Zap",
 year="2019",
 month="October",
 day="6",
 note="Available:
\url{http://www.open-std.org/jtc1/sc22/wg14/www/docs/n2443.pdf}
[Viewed January 26, 2020]",
}
